<record><leader>00000cas a2200000 i 4500</leader><controlfield tag="001">1751364</controlfield><controlfield tag="008">751101c19669999mnuwr ne      0    0eng  </controlfield><datafield ind1=" " ind2=" " tag="010"><subfield code="a">sn 89064163 </subfield></datafield><datafield ind1=" " ind2=" " tag="040"><subfield code="a">MUL</subfield><subfield code="b">eng</subfield><subfield code="e">rda</subfield><subfield code="c">MUL</subfield><subfield code="d">MN#</subfield><subfield code="d">OCLCQ</subfield><subfield code="d">OCLCF</subfield><subfield code="d">OCLCO</subfield><subfield code="d">IUL</subfield></datafield><datafield ind1=" " ind2=" " tag="042"><subfield code="a">pcc</subfield></datafield><datafield ind1=" " ind2=" " tag="043"><subfield code="a">n-us-mn</subfield></datafield><datafield ind1=" " ind2=" " tag="052"><subfield code="a">4144</subfield><subfield code="b">C575</subfield><subfield code="b">G65</subfield></datafield><datafield ind1=" " ind2=" " tag="052"><subfield code="a">4143</subfield><subfield code="b">B5</subfield></datafield><datafield ind1="0" ind2=" " tag="130"><subfield code="a">Northern star (Clinton, Minn.)</subfield></datafield><datafield ind1="0" ind2="4" tag="245"><subfield code="a">The northern star.</subfield></datafield><datafield ind1=" " ind2="1" tag="264"><subfield code="a">Clinton, Minn.;</subfield><subfield code="a">Graceville, Minn. :</subfield><subfield code="b">James D. Kaercher and L.A. Kaercher,</subfield><subfield code="c">1966-</subfield></datafield><datafield ind1=" " ind2=" " tag="300"><subfield code="a">volumes</subfield></datafield><datafield ind1=" " ind2=" " tag="310"><subfield code="a">Weekly</subfield></datafield><datafield ind1=" " ind2=" " tag="336"><subfield code="a">text</subfield><subfield code="b">txt</subfield><subfield code="2">rdacontent</subfield></datafield><datafield ind1=" " ind2=" " tag="337"><subfield code="a">unmediated</subfield><subfield code="b">n</subfield><subfield code="2">rdamedia</subfield></datafield><datafield ind1=" " ind2=" " tag="338"><subfield code="a">volume</subfield><subfield code="b">nc</subfield><subfield code="2">rdacarrier</subfield></datafield><datafield ind1="0" ind2=" " tag="362"><subfield code="a">Vol. 1, no. 1 (May 5, 1966)-</subfield></datafield><datafield ind1=" " ind2=" " tag="515"><subfield code="a">Volume 1, number 36 labled January 5, 1966 but constitutes January 5, 1967.</subfield></datafield><datafield ind1=" " ind2="0" tag="651"><subfield code="a">Clinton (Minn.)</subfield><subfield code="v">Newspapers.</subfield></datafield><datafield ind1=" " ind2="0" tag="651"><subfield code="a">Graceville (Minn.)</subfield><subfield code="v">Newspapers.</subfield></datafield><datafield ind1=" " ind2="7" tag="651"><subfield code="a">Minnesota</subfield><subfield code="z">Clinton.</subfield><subfield code="2">fast</subfield><subfield code="0">(OCoLC)fst01254544</subfield></datafield><datafield ind1=" " ind2="7" tag="651"><subfield code="a">Minnesota</subfield><subfield code="z">Graceville.</subfield><subfield code="2">fast</subfield><subfield code="0">(OCoLC)fst01254546</subfield></datafield><datafield ind1=" " ind2="7" tag="655"><subfield code="a">Newspapers.</subfield><subfield code="2">fast</subfield><subfield code="0">(OCoLC)fst01423814</subfield></datafield><datafield ind1=" " ind2=" " tag="752"><subfield code="a">United States</subfield><subfield code="b">Minnesota</subfield><subfield code="c">Big Stone</subfield><subfield code="d">Clinton.</subfield></datafield><datafield ind1=" " ind2=" " tag="752"><subfield code="a">United States</subfield><subfield code="b">Minnesota</subfield><subfield code="c">Big Stone</subfield><subfield code="d">Graceville.</subfield></datafield><datafield ind1="0" ind2="4" tag="780"><subfield code="t">Clinton advocate (Clinton, Minn. : 1897)</subfield><subfield code="w">(DLC)sn 89064146</subfield><subfield code="w">(OCoLC)20463064</subfield></datafield><datafield ind1="0" ind2="4" tag="780"><subfield code="t">Graceville enterprise</subfield><subfield code="w">(DLC)sn 89064144</subfield><subfield code="w">(OCoLC)1587774</subfield></datafield><datafield ind1="1" ind2=" " tag="029"><subfield code="a">AU@</subfield><subfield code="b">000025854876</subfield></datafield><datafield ind1="1" ind2=" " tag="029"><subfield code="a">NZ1</subfield><subfield code="b">16072656</subfield></datafield></record>